%% This BibTeX bibliography file was created using BibDesk.
%% http://bibdesk.sourceforge.net/


%% Created for Lauro Cesar Araujo at 2013-08-21 10:57:09 -0300 


%% Saved with string encoding Unicode (UTF-8) 

@article{rebouccas2003agua,
  title={{\'A}gua no Brasil: abund{\^a}ncia, desperd{\'\i}cio e escassez},
  author={Rebou{\c{c}}as, Aldo da C},
  journal={Bahia an{\'a}lise \& dados},
  volume={13},
  pages={341--345},
  year={2003}
}

@article{chase2007sistemas,
  title={Sistemas embarcados},
  author={Chase, Otavio and Almeida, FJ},
  journal={M{\'\i}dia Eletr{\^o}nica. P{\'a}gina na internet:< www. sbajovem. org/chase>, capturado em},
  volume={10},
  number={11},
  pages={13},
  year={2007}
}

@article{ms2017automaccao,
  title={Automa{\c{c}}{\~a}o Residencial: Monitoramento de Consumo de Energia El{\'e}trica e {\'A}gua},
  author={MS Leite J{\'u}nior, Jos{\'e} M and C Ar{\^e}as, Renan and C Sena, Anderson J},
  journal={INOVA TEC},
  volume={1},
  year={2017}
}

@article{roque2018sistema,
  title={SISTEMA DE DILUI{\c{C}}{\~A}O DE L{\'I}QUIDOS CONCENTRADOS E ENVAZE AUTOM{\'A}TICO},
  author={ROQUE, Igor Ribeiro and SABINO, Jos{\'e} Henrique Moreira},
  year={2018}
}

@inproceedings{crotti2013raspberrypi,
  title={RaspberryPi e Experimenta{\c{c}}{\~a}o Remota},
  author={Crotti, Y and Silva, JB and Marcelino, R and Vilson, G and Casagrande, LCS},
  booktitle={ICBL2013. International Conference on Interactive Computer aided Blended Learning},
  year={2013}
}

@book{de2017internet,
  title={Internet das Coisas com ESP8266, Arduino e Raspberry Pi},
  author={de Oliveira, S{\'e}rgio},
  year={2017},
  publisher={Novatec Editora}
}

@article{martins2005sistemas,
  title={Sistemas microcontrolados},
  author={Martins, Nard{\^e}nio Almeida},
  journal={Uma abordagem com o Microcontrolador PIC 16F84. Editora Novatec Ltda, 1{\textordfeminine} edi{\c{c}}{\~a}o},
  year={2005}
}

@article{teza2002alguns,
  title={Alguns aspectos sobre a automa{\c{c}}{\~a}o residencial: dom{\'o}tica},
  author={Teza, Vanderlei Rabelo and others},
  year={2002},
  publisher={Florian{\'o}polis, SC}
}

@misc{aguaconsumo,
  title = {√Ågua e consumo consciente.},
  howpublished = {\url{http://www.brasil.gov.br/noticias/educacao-e-ciencia/2010/10/agua-e-consumo-consciente}},
  note = {Accessed: 2018-12-05}
}

@article{ferreirasistema,
  title={SISTEMA DE MONITORAMENTO DE CONSUMO DE {\'A}GUA DOM{\'E}STICO COM A UTILIZA{\c{C}}{\~A}O DE UM HIDR{\^O}METRO DIGITAL},
  author={FERREIRA, HENRIQUE SIMI{\~A}O and HEROSO, LEANDRO FERREIRA and ZALESKI, RAFAEL HENRIQUE}
}